<?xml version='1.0' encoding='UTF-8'?>
<record xmlns="http://www.loc.gov/MARC21/slim">
  <leader>02264cam a2200457 a 4500</leader>
  <controlfield tag="001">2755172</controlfield>
  <controlfield tag="003">NjP</controlfield>
  <controlfield tag="005">20171010172921.0</controlfield>
  <controlfield tag="008">890209m19541956mr       b    001 0 arard</controlfield>
  <datafield tag="024" ind1="7" ind2=" ">
    <subfield code="a">princeton_aco002469</subfield>
    <subfield code="2">local</subfield>
  </datafield>
  <datafield ind1=" " ind2=" " tag="035">
    <subfield code="a">(OCoLC)ocn178221425</subfield>
  </datafield>
  <datafield ind1=" " ind2=" " tag="035">
    <subfield code="a">(OCoLC)ocm19125026</subfield>
  </datafield>
  <datafield ind1=" " ind2=" " tag="040">
    <subfield code="a">WAU</subfield>
    <subfield code="c">PUL</subfield>
    <subfield code="d">PUL</subfield>
  </datafield>
  <datafield ind1=" " ind2=" " tag="035">
    <subfield code="a">(OCoLC)178221425</subfield>
  </datafield>
  <datafield ind1=" " ind2=" " tag="035">
    <subfield code="9">CNE8485TS</subfield>
  </datafield>
  <datafield ind1=" " ind2=" " tag="035">
    <subfield code="a">(NjP)2755172</subfield>
  </datafield>
  <datafield ind1=" " ind2=" " tag="043">
    <subfield code="a">ff-----</subfield>
  </datafield>
  <datafield ind1=" " ind2=" " tag="079">
    <subfield code="a">ocm19125026</subfield>
  </datafield>
  <datafield ind1=" " ind2=" " tag="049">
    <subfield code="a">PULL</subfield>
  </datafield>
  <datafield ind1="1" ind2=" " tag="100">
    <subfield code="6">880-01</subfield>
    <subfield code="a">Nāṣirī, Abū al-ʻAbbās Aḥmad ibn Khālid,</subfield>
    <subfield code="d">1835-1897.</subfield>
  </datafield>
  <datafield ind1="1" ind2="0" tag="240">
    <subfield code="6">880-02</subfield>
    <subfield code="a">Istiqṣā</subfield>
  </datafield>
  <datafield ind1="1" ind2="0" tag="245">
    <subfield code="6">880-03</subfield>
    <subfield code="a">Kitāb al-Istiqṣā li-akhbār duwal al-Maghrib al-aqṣá /</subfield>
    <subfield code="c">Abū al-ʻAbbās Aḥmad ibn Khālid al-Nāṣirī ; taḥqīq wa-taʻlīq wulday al-muʼallif, Jaʻfar al-Nāṣirī wa-Muḥammad al-Nāṣirī.</subfield>
  </datafield>
  <datafield ind1=" " ind2=" " tag="260">
    <subfield code="6">880-04</subfield>
    <subfield code="a">al-Dār al-Bayḍāʼ :</subfield>
    <subfield code="b">Dār al-Kitāb,</subfield>
    <subfield code="c">1954-1956.</subfield>
  </datafield>
  <datafield ind1=" " ind2=" " tag="300">
    <subfield code="a">9 v.in 4. ;</subfield>
    <subfield code="c">23 cm.</subfield>
  </datafield>
  <datafield ind1=" " ind2=" " tag="504">
    <subfield code="a">Includes bibliographical references and indexes.</subfield>
  </datafield>
  <datafield ind1=" " ind2=" " tag="500">
    <subfield code="a">In Arabic.</subfield>
  </datafield>
  <datafield ind1=" " ind2=" " tag="500">
    <subfield code="a">Added cover-title: al-Istiq.̧..</subfield>
  </datafield>
  <datafield ind1=" " ind2=" " tag="500">
    <subfield code="6">880-05</subfield>
    <subfield code="a">Edited by Jaʻfar al-Nāsirī and Muhammad al-Nāsirī.</subfield>
  </datafield>
  <datafield ind1=" " ind2="0" tag="651">
    <subfield code="a">Africa, North</subfield>
    <subfield code="x">History</subfield>
    <subfield code="y">647-1517.</subfield>
    <subfield code="0">http://id.loc.gov/authorities/subjects/sh85001640</subfield>
  </datafield>
  <datafield ind1=" " ind2="0" tag="651">
    <subfield code="a">Africa, North</subfield>
    <subfield code="x">History</subfield>
    <subfield code="y">1517-1882.</subfield>
    <subfield code="0">http://id.loc.gov/authorities/subjects/sh85001641</subfield>
  </datafield>
  <datafield ind1="1" ind2=" " tag="700">
    <subfield code="a">Nāṣirī, Jaʻfar ibn Aḥmad,</subfield>
    <subfield code="d">1893-1980.</subfield>
    <subfield code="0">http://id.loc.gov/authorities/names/nr91011682</subfield>
  </datafield>
  <datafield ind1="1" ind2=" " tag="700">
    <subfield code="6">880-06</subfield>
    <subfield code="a">Nāṣirī, Muḥammad al-Makkī.</subfield>
  </datafield>
  <datafield ind1="0" ind2=" " tag="740">
    <subfield code="6">880-07</subfield>
    <subfield code="a">Istiqṣá.</subfield>
  </datafield>
  <datafield ind1="1" ind2=" " tag="880">
    <subfield code="6">100-01/r</subfield>
    <subfield code="a">ناصري، ابو العباس احمد بن خال،</subfield>
    <subfield code="d">18351897.</subfield>
  </datafield>
  <datafield ind1="1" ind2="0" tag="880">
    <subfield code="6">240-02/r</subfield>
    <subfield code="a">استقصا</subfield>
  </datafield>
  <datafield ind1="1" ind2="0" tag="880">
    <subfield code="6">245-03/r</subfield>
    <subfield code="a">كتاب الاستقصا لاخبار دول المغرب الاقصى /</subfield>
    <subfield code="c">ابو العباس احمد بن خال الناصري ؛ تحقيق وتعليق ولدي المؤلف، جعفر الناصري ومحمد الناصري.</subfield>
  </datafield>
  <datafield ind1=" " ind2=" " tag="880">
    <subfield code="6">260-04/r</subfield>
    <subfield code="a">الدار البيضاء :</subfield>
    <subfield code="b">دار الكتاب،</subfield>
    <subfield code="c">19541956.</subfield>
  </datafield>
  <datafield ind1=" " ind2=" " tag="880">
    <subfield code="6">500-05/r</subfield>
    <subfield code="a">Edited by جعفر الناسري اند مهمد الناسري.</subfield>
  </datafield>
  <datafield ind1="1" ind2=" " tag="880">
    <subfield code="6">700-06/r</subfield>
    <subfield code="a">ناصري، محمد المكي.</subfield>
  </datafield>
  <datafield ind1="0" ind2=" " tag="880">
    <subfield code="6">740-07/r</subfield>
    <subfield code="a">استقصى.</subfield>
  </datafield>
  <datafield ind1=" " ind2=" " tag="911">
    <subfield code="a">20000130</subfield>
  </datafield>
  <datafield ind1=" " ind2=" " tag="994">
    <subfield code="a">C0</subfield>
    <subfield code="b">PUL</subfield>
  </datafield>
  <datafield ind1=" " ind2=" " tag="999">
    <subfield code="a">2755172</subfield>
  </datafield>
  <datafield ind1="0" ind2="1" tag="852">
    <subfield code="0">3065915</subfield>
    <subfield code="b">nec</subfield>
    <subfield code="t">1</subfield>
    <subfield code="h">DT194</subfield>
    <subfield code="i">.N375 1954</subfield>
  </datafield>
  <datafield ind1=" " ind2="0" tag="866">
    <subfield code="0">3065915</subfield>
    <subfield code="8">0</subfield>
    <subfield code="a">v.1-9</subfield>
  </datafield>
  <datafield ind1=" " ind2=" " tag="959">
    <subfield code="a">2000-06-13 00:00:00 -0500</subfield>
  </datafield>
</record>
